@InProceedings{Zhao2021,
  author    = {Yiyang Zhao and Linnan Wang and Yuandong Tian and Rodrigo Fonseca and Tian Guo},
  booktitle = {Proceedings of the 38th International Conference on Machine Learning, {ICML} 2021, 18-24 July 2021, Virtual Event},
  title     = {Few-Shot Neural Architecture Search},
  year      = {2021},
  editor    = {Marina Meila and Tong Zhang},
  pages     = {12707--12718},
  publisher = {{PMLR}},
  series    = {Proceedings of Machine Learning Research},
  volume    = {139},
  bibsource = {dblp computer science bibliography, https://dblp.org},
  biburl    = {https://dblp.org/rec/conf/icml/ZhaoWTF021.bib},
  url       = {http://proceedings.mlr.press/v139/zhao21d.html},
}

@Article{Wen2019,
  author        = {Wei Wen and Hanxiao Liu and Hai Li and Yiran Chen and Gabriel Bender and Pieter{-}Jan Kindermans},
  journal       = {CoRR},
  title         = {Neural Predictor for Neural Architecture Search},
  year          = {2019},
  volume        = {abs/1912.00848},
  archiveprefix = {arXiv},
  bibsource     = {dblp computer science bibliography, https://dblp.org},
  biburl        = {https://dblp.org/rec/journals/corr/abs-1912-00848.bib},
  doi           = {10.48550/arxiv.1912.00848},
  eprint        = {1912.00848},
  url           = {http://arxiv.org/abs/1912.00848},
}

@Article{Ying2019,
  author        = {Chris Ying and Aaron Klein and Esteban Real and Eric Christiansen and Kevin Murphy and Frank Hutter},
  journal       = {CoRR},
  title         = {NAS-Bench-101: Towards Reproducible Neural Architecture Search},
  year          = {2019},
  volume        = {abs/1902.09635},
  archiveprefix = {arXiv},
  bibsource     = {dblp computer science bibliography, https://dblp.org},
  biburl        = {https://dblp.org/rec/journals/corr/abs-1902-09635.bib},
  doi           = {10.48550/arxiv.1902.09635},
  eprint        = {1902.09635},
  url           = {http://arxiv.org/abs/1902.09635},
}

@Article{Velickovic2017,
  author        = {Petar Velickovic and Guillem Cucurull and Arantxa Casanova and Adriana Romero and Pietro Li{\`{o}} and Yoshua Bengio},
  journal       = {CoRR},
  title         = {Graph Attention Networks},
  year          = {2017},
  volume        = {abs/1710.10903},
  archiveprefix = {arXiv},
  bibsource     = {dblp computer science bibliography, https://dblp.org},
  biburl        = {https://dblp.org/rec/journals/corr/abs-1710-10903.bib},
  doi           = {10.48550/arxiv.1710.10903},
  eprint        = {1710.10903},
  url           = {http://arxiv.org/abs/1710.10903},
}

@Comment{jabref-meta: databaseType:bibtex;}
