@article{E_Ren_2016,
  title         = {
    Ensemble Classification and Regression-Recent Developments, Applications and
    Future Directions [Review Article]
  },
  author        = {Ye Ren, Le Zhang, P.N. Suganthan},
  year          = {2016},
  month         = {Feb},
  journal       = {IEEE Computational Intelligence Magazine},
  publisher     = {Institute of Electrical and Electronics Engineers (IEEE)},
  volume        = {11},
  number        = {1},
  pages         = {41--53},
  doi           = {10.1109/mci.2015.2471235},
  issn          = {1556-603X},
  url           = {https://doi.org/10.1109/mci.2015.2471235}
}

@article{B_Swarup_2023,
  title         = {
    Brain tumor detection using CNN, AlexNet &amp;amp; GoogLeNet ensembling
    learning approaches
  },
  author        = {
    Chetan Swarup, Kamred Udham Singh, Ankit Kumar, Saroj Kumar Pandey, Neeraj
    varshney, Teekam Singh
  },
  year          = {2023},
  month         = {},
  journal       = {Electronic Research Archive},
  publisher     = {American Institute of Mathematical Sciences (AIMS)},
  volume        = {31},
  number        = {5},
  pages         = {2900--2924},
  doi           = {10.3934/era.2023146},
  issn          = {2688-1594},
  url           = {https://doi.org/10.3934/era.2023146}
}

@InProceedings{Zaidi2021,
  author    = {Sheheryar Zaidi and Arber Zela and Thomas Elsken and Chris C. Holmes and Frank Hutter and Yee Whye Teh},
  booktitle = {Advances in Neural Information Processing Systems 34: Annual Conference on Neural Information Processing Systems 2021, NeurIPS 2021, December 6-14, 2021, virtual},
  title     = {Neural Ensemble Search for Uncertainty Estimation and Dataset Shift},
  year      = {2021},
  editor    = {Marc'Aurelio Ranzato and Alina Beygelzimer and Yann N. Dauphin and Percy Liang and Jennifer Wortman Vaughan},
  pages     = {7898--7911},
  bibsource = {dblp computer science bibliography, https://dblp.org},
  biburl    = {https://dblp.org/rec/conf/nips/ZaidiZEHHT21.bib},
  url       = {https://proceedings.neurips.cc/paper/2021/hash/41a6fd31aa2e75c3c6d427db3d17ea80-Abstract.html},
}

@Article{Hansen1990,
  author    = {Lars Kai Hansen and Peter Salamon},
  journal   = {{IEEE} Trans. Pattern Anal. Mach. Intell.},
  title     = {Neural Network Ensembles},
  year      = {1990},
  number    = {10},
  pages     = {993--1001},
  volume    = {12},
  bibsource = {dblp computer science bibliography, https://dblp.org},
  biburl    = {https://dblp.org/rec/journals/pami/HansenS90.bib},
  doi       = {10.1109/34.58871},
}
@Article{Lu2022,
  author        = {Zhichao Lu and Ran Cheng and Shihua Huang and Haoming Zhang and Changxiao Qiu and Fan Yang},
  journal       = {CoRR},
  title         = {Surrogate-assisted Multi-objective Neural Architecture Search for Real-time Semantic Segmentation},
  year          = {2022},
  volume        = {abs/2208.06820},
  archiveprefix = {arXiv},
  bibsource     = {dblp computer science bibliography, https://dblp.org},
  biburl        = {https://dblp.org/rec/journals/corr/abs-2208-06820.bib},
  doi           = {10.48550/ARXIV.2208.06820},
  eprint        = {2208.06820},
}

@InProceedings{Lu2020,
  author    = {Zhichao Lu and Kalyanmoy Deb and Erik D. Goodman and Wolfgang Banzhaf and Vishnu Naresh Boddeti},
  booktitle = {Computer Vision - {ECCV} 2020 - 16th European Conference, Glasgow, UK, August 23-28, 2020, Proceedings, Part {I}},
  title     = {NSGANetV2: Evolutionary Multi-objective Surrogate-Assisted Neural Architecture Search},
  year      = {2020},
  editor    = {Andrea Vedaldi and Horst Bischof and Thomas Brox and Jan{-}Michael Frahm},
  pages     = {35--51},
  publisher = {Springer},
  series    = {Lecture Notes in Computer Science},
  volume    = {12346},
  bibsource = {dblp computer science bibliography, https://dblp.org},
  biburl    = {https://dblp.org/rec/conf/eccv/LuDGBB20.bib},
  doi       = {10.1007/978-3-030-58452-8_3},
}

@InProceedings{Zoph2017,
  author    = {Barret Zoph and Quoc V. Le},
  booktitle = {5th International Conference on Learning Representations, {ICLR} 2017, Toulon, France, April 24-26, 2017, Conference Track Proceedings},
  title     = {Neural Architecture Search with Reinforcement Learning},
  year      = {2017},
  publisher = {OpenReview.net},
  bibsource = {dblp computer science bibliography, https://dblp.org},
  biburl    = {https://dblp.org/rec/conf/iclr/ZophL17.bib},
  ranking   = {rank3},
  url       = {https://openreview.net/forum?id=r1Ue8Hcxg},
}

@Article{Liu2023,
  author    = {Yuqiao Liu and Yanan Sun and Bing Xue and Mengjie Zhang and Gary G. Yen and Kay Chen Tan},
  journal   = {{IEEE} Trans. Neural Networks Learn. Syst.},
  title     = {A Survey on Evolutionary Neural Architecture Search},
  year      = {2023},
  number    = {2},
  pages     = {550--570},
  volume    = {34},
  bibsource = {dblp computer science bibliography, https://dblp.org},
  biburl    = {https://dblp.org/rec/journals/tnn/LiuSXZYT23.bib},
  doi       = {10.1109/TNNLS.2021.3100554},
}

@book{Baeck2018,
  title={Evolutionary Computation 1},
  author={Thomas Baeck, D.B Fogel, Z Michalewicz},
  year={2018},
  publisher={CRC Press},
  volume={},
  number={},
  series={},
  address={CRC Press},
  edition={},
  month={10},
  isbn={9781351989428, 1351989421}
}

@article{S_Xue_2024,
  title         = {
    Similarity surrogate-assisted evolutionary neural architecture search with
    dual encoding strategy
  },
  author        = {Yu Xue, Zhenman Zhang, Ferrante Neri},
  year          = {2024},
  month         = {},
  journal       = {Electronic Research Archive},
  publisher     = {American Institute of Mathematical Sciences (AIMS)},
  volume        = {32},
  number        = {2},
  pages         = {1017--1043},
  doi           = {10.3934/era.2024050},
  issn          = {2688-1594},
  url           = {https://doi.org/10.3934/era.2024050}
}

@InProceedings{Kipf2017,
  author    = {Thomas N. Kipf and Max Welling},
  booktitle = {5th International Conference on Learning Representations, {ICLR} 2017, Toulon, France, April 24-26, 2017, Conference Track Proceedings},
  title     = {Semi-Supervised Classification with Graph Convolutional Networks},
  year      = {2017},
  publisher = {OpenReview.net},
  bibsource = {dblp computer science bibliography, https://dblp.org},
  biburl    = {https://dblp.org/rec/conf/iclr/KipfW17.bib},
  url       = {https://openreview.net/forum?id=SJU4ayYgl},
}


@Article{Liu2018,
  author        = {Hanxiao Liu and Karen Simonyan and Yiming Yang},
  journal       = {CoRR},
  title         = {{DARTS:} Differentiable Architecture Search},
  year          = {2018},
  volume        = {abs/1806.09055},
  archiveprefix = {arXiv},
  bibsource     = {dblp computer science bibliography, https://dblp.org},
  biburl        = {https://dblp.org/rec/journals/corr/abs-1806-09055.bib},
  doi           = {10.48550/arxiv.1806.09055},
  eprint        = {1806.09055},
  url           = {http://arxiv.org/abs/1806.09055},
}
